<record><leader>00000cas a22000007a 4500</leader><controlfield tag="001">19892091</controlfield><controlfield tag="008">890619d187118uuaruwr ne      0    0eng d</controlfield><datafield ind1=" " ind2=" " tag="010"><subfield code="a">sn 89051253 </subfield></datafield><datafield ind1=" " ind2=" " tag="040"><subfield code="a">ANU</subfield><subfield code="b">eng</subfield><subfield code="c">ANU</subfield><subfield code="d">OBN</subfield><subfield code="d">OCLCQ</subfield><subfield code="d">OCLCO</subfield><subfield code="d">OCLCF</subfield></datafield><datafield ind1=" " ind2=" " tag="042"><subfield code="a">msc</subfield></datafield><datafield ind1=" " ind2=" " tag="043"><subfield code="a">n-us-ar</subfield></datafield><datafield ind1="0" ind2="4" tag="245"><subfield code="a">The Weekly Washington telegraph.</subfield></datafield><datafield ind1=" " ind2=" " tag="260"><subfield code="a">Washington, Ark. :</subfield><subfield code="b">J.E. Borden</subfield></datafield><datafield ind1=" " ind2=" " tag="300"><subfield code="a">v.</subfield></datafield><datafield ind1=" " ind2=" " tag="310"><subfield code="a">Weekly</subfield></datafield><datafield ind1="1" ind2=" " tag="362"><subfield code="a">Began in 1871.</subfield></datafield><datafield ind1=" " ind2=" " tag="588"><subfield code="a">Description based on: Old ser., v. 30, no. 42 (May 31, 1871) = new ser., v. 1, no. 4.</subfield></datafield><datafield ind1=" " ind2="0" tag="651"><subfield code="a">Washington (Hempstead County, Ark.)</subfield><subfield code="v">Newspapers.</subfield></datafield><datafield ind1=" " ind2="0" tag="651"><subfield code="a">Hempstead County (Ark.)</subfield><subfield code="v">Newspapers.</subfield></datafield><datafield ind1=" " ind2="7" tag="655"><subfield code="a">Newspapers.</subfield><subfield code="2">fast</subfield><subfield code="0">(OCoLC)fst01423814</subfield></datafield><datafield ind1=" " ind2="7" tag="651"><subfield code="a">Arkansas</subfield><subfield code="z">Hempstead County.</subfield><subfield code="2">fast</subfield><subfield code="0">(OCoLC)fst01214091</subfield></datafield><datafield ind1=" " ind2="7" tag="651"><subfield code="a">Arkansas</subfield><subfield code="z">Washington (Hempstead County)</subfield><subfield code="2">fast</subfield><subfield code="0">(OCoLC)fst01325607</subfield></datafield><datafield ind1=" " ind2=" " tag="752"><subfield code="a">United States</subfield><subfield code="b">Arkansas</subfield><subfield code="c">Hempstead</subfield><subfield code="d">Washington.</subfield></datafield><datafield ind1="0" ind2="0" tag="780"><subfield code="t">Washington telegraph (Washington, Ark. : 1839)</subfield><subfield code="w">(DLC)sn 82014751</subfield><subfield code="w">(OCoLC)8789665</subfield></datafield><datafield ind1="0" ind2="0" tag="785"><subfield code="t">Washington telegraph (Washington, Ark. : 1892)</subfield><subfield code="w">(DLC)sn 89051252</subfield><subfield code="w">(OCoLC)19892099</subfield></datafield></record>